51700
24410
22920
22370
22030
24330
22000
22670
21160
23160
22350
22830
23210
22380
22390
22320
61030
59050
58270
60430
59710
61060
59680
58280
59700
60050
59530
60100
58000
58410
60280
58940
60690
57560
57810
63340
60000
61300
58030
59700
61970
59210
60360
58150
61410
59410
58800
62760
58790
58530
59180
59150
61320
58630
61370
58180
60500
60440
59650
59850
57730
60280
79740
63390
60200
58780
60310
61880
59250
59280
57710
59110
60460
59860
59310
58480
58310
60460
60640
60040
57920
57860
61930
59650
61040
58420
58630
61000
59500
59910
58040
59030
60920
58450
60800
60270
58500
59120
61280
61460
58250
58250
59410
58900
62940
59010
58280
63180
61710
61170
60960
58540
58130
58960
58690
59320
57180
58500
59130
57410
58020
57150
56190
56690
59910
62030
58730
60200
58510
59720
61250
59490
59070
58770
73890
62820
59660
58120
56950
58630
58390
57540
57380
56700
59310
57890
62210
59900
57270
57410
57880
58040
58540
55680
57860
57180
58120
57490
55640
57280
58800
57170
58260
55430
56420
58400
57670
58510
56550
55900
58350
56730
58920
57650
56270
56610
55260
62130
60220
58470
58410
59720
61400
58050
60170
59540
59980
60400
60040
59790
59050
60330
60030
59940
56680
57530
57740
57410
57810
57090
56860
56570
57790
58670
56040
57100
55870
58500
64170
58700
60550
57850
60310
59900
59830
59010
58460
60290
59060
58800
59770
57720
60880
57030
60000
59240
55460
59130
59570
59960
61720
58870
60470
58060
60610
59600
59140
59420
60710
58970
61890
58640
58440
60350
59220
60660
59230
59230
59720
61480
61580
58360
58890
59080
59150
59970
58870
58200
58870
60320
61080
58300
59400
57610
59030
60050
59240
59590
58870
60260
59940
59410
58750
59310
58640
59490
59960
58260
57960
58980
58990
61750
59820
58380
59110
61960
60980
58980
58750
57320
61170
59570
60710
57400
57050
58760
57540
57640
56610
56390
59730
58070
58100
56830
56540
57640
57420
59970
56040
57420
57280
57280
59550
55040
54890
56750
57380
57020
56870
57850
56200
58600
58590
58240
56830
57490
57840
58330
57250
57520
57100
56420
58250
58230
55620
57630
56980
58880
58670
57490
57590
55780
57660
57000
58490
56210
57340
58440
57860
57830
58240
57840
60090
56550
56500
56810
56400
57610
57240
57540
57620
56900
56410
57660
58270
57020
56610
56780
58730
57340
58640
55430
57850
57220
56920
60030
57100
59450
58550
57180
58770
57050
57240
56620
57280
59110
57530
58140
57940
55950
59610
57110
56520
56030
58200
57630
57330
57830
56070
57590
57400
57480
57400
55960
57630
58090
58110
56830
54980
56410
58830
58900
58980
57340
58470
60500
60610
59850
58180
57370
59610
58970
60790
58160
56070
61240
58210
61720
59780
58140
61460
58530
60800
57540
57770
60500
57890
60980
58550
58580
61120
60580
61570
59310
57840
59640
59780
59750
59490
56580
59380
61810
60340
59440
58840
59370
58930
60170
58500
58370
59210
58710
59980
59960
59220
57520
58520
59870
59800
58580
59300
58990
60800
58620
58470
59050
58340
60690
59350
60450
58830
58580
60510
60770
59290
58740
59580
60160
60320
60170
60060
58890
59390
60640
58970
58750
58360
58040
61680
59150
57720
56000
56670
58970
56490
59340
56340
55870
58210
57420
58340
55470
55460
57040
56640
58360
56020
57240
57400
56510
59500
56420
55640
58020
58950
57930
58600
57990
57020
58600
58990
58160
56990
56510
60420
58180
58040
55980
57980
56910
58660
58880
56130
57270
56540
58350
59380
56790
57730
56530
57790
56820
57160
56470
55000
59570
58330
57930
56800
55610
58850
57460
57320
57480
57320
57000
57850
57870
56200
55230
57690
57440
57380
57990
56320
57380
57790
57700
58240
56600
56960
57050
59380
57950
57170
58430
59760
57190
57910
56240
56440
56340
56520
60510
56150
56910
56580
57100
59590
55770
55750
55790
58050
58890
57390
58130
56630
58880
58730
56860
58010
56000
56630
58060
57290
57000
55880
57650
58790
58270
57140
56230
56180
57790
58240
57900
55730
58200
58410
58040
58440
55890
55840
58730
57340
60010
56970
56420
59400
56870
60380
59230
57800
57540
56850
59370
56570
55250
57380
57780
58810
55750
56460
57430
57400
58260
56630
55700
58540
57290
58240
57280
55500
56360
57290
57730
56550
55790
55410
58530
57110
58250
57250
57290
57670
57450
57860
57970
58260
56340
58320
58150
57800
56550
57060
59300
57110
56840
57760
55710
58480
56670
56450
55890
55030
56690
57030
58890
56400
57390
56990
56950
56010
56870
55830
56950
57860
57590
57550
56130
57670
57780
57050
56380
55710
55420
57000
56350
58390
56090
56150
57280
58270
59350
57660
57330
55600
57960
58830
56120
56830
56140
57450
58240
56280
57890
56530
57180
56290
57270
55910
55760
56510
55900
57300
56430
55770
56640
57020
57050
57950
56510
55230
59220
68800
59600
55390
55790
56880
56040
58770
57600
56570
58100
57150
56250
55410
56410
59220
55260
56630
57460
56870
57790
56750
58850
57720
56530
58040
57940
59650
61910
58950
59490
61380
54890
58870
57880
56630
59010
56070
58240
58370
58850
60450
56710
58700
56010
57010
59140
58870
58650
55730
57050
57000
56510
57470
56110
56670
55310
56980
57000
58500
57600
54410
60100
59740
59780
58770
57370
60060
60160
60480
59540
58060
62680
60020
60070
61880
59370
58460
61440
62480
59810
56960
58930
62570
58630
61250
57390
58240
61220
57800
60290
56790
57890
60480
58440
60970
58230
58460
60120
58800
61330
57910
58000
57550
58640
60320
57550
56980
58970
59670
60440
59020
58300
58480
59880
59250
59580
58350
58880
59120
60860
59390
58380
60760
58970
60320
61560
58180
59450
58460
60820
59960
57760
60420
57820
60630
59960
58510
57730
55740
57880
57290
57280
55550
58490
59990
58740
59070
59540
57450
58900
59740
60370
59610
58820
59320
59480
60910
58710
57970
59220
60460
57150
58830
56180
56520
58290
57390
58860
56370
56300
57280
56660
58500
57160
56740
57500
58830
59970
57330
56620
57880
58760
58730
55680
55880
55510
58470
57480
56730
57630
56360
57790
58300
57160
56280
56720
57020
58590
56520
57370
56040
57580
57460
57680
57150
55810
56330
57380
58080
57180
56500
55840
59640
57180
57700
56180
55800
58520
56210
59030
57140
55100
58850
57250
66170
60340
58950
57910
58180
59000
56080
56060
57570
57680
60120
56030
55880
57270
56970
57700
57640
55580
55450
57740
56620
58620
56350
56750
57830
57980
56740
54760
56990
56780
57430
58470
55890
56920
56940
59040
57680
55820
55290
56880
57720
56950
56970
57530
57160
57980
56300
57470
57330
57100
59360
57120
58790
57390
55560
56600
57590
57850
57530
55850
56600
58660
63050
59640
58640
57760
58410
59870
60960
57700
57520
59740
57280
59220
59770
57890
61290
60830
60940
59730
58020
59020
59670
62200
58030
57710
59930
59200
61480
58170
59220
59100
58740
58010
57070
56040
56620
60590
60250
59480
57670
58910
56870
57600
57250
55850
58270
57200
58740
58460
56630
58150
55710
57540
57690
55670
54930
56010
57360
56720
56850
56190
56520
59190
58080
57750
56270
56210
59550
57660
57530
57200
55190
57790
56230
57050
57010
55490
57300
56390
59460
60980
58460
60180
59570
58850
60590
58580
59440
59750
61950
61470
58330
59960
60610
59860
57680
56970
56610
55740
56440
58260
58350
57130
57160
57530
58660
56220
56920
55410
57650
58280
59060
57430
56540
57610
57970
58100
58080
57110
68740
59100
58220
57320
56630
58500
59110
59000
56790
56830
56560
57790
61570
58060
56880
56640
58880
56700
60080
56500
57700
59080
59310
58520
56980
78130
70840
62130
59740
57570
56760
58510
58440
59530
57070
57010
58060
56920
60360
57900
56640
57760
59010
60530
57980
58500
58160
58470
57780
59110
56460
56940
58810
59630
58050
55520
58760
58930
60340
60660
55170
57480
57200
60000
61750
57080
57450
56540
60430
58060
61280
58450
56960
57690
59220
57480
56640
57660
58870
57750
57620
57580
57230
58250
57330
58780
58280
56700
58320
58790
59120
57580
56490
56010
59280
56380
58970
56030
58050
60310
58500
58980
55990
57090
58700
56900
59960
56640
56280
57910
58080
58130
56690
57260
56350
57940
59660
56710
56580
57060
58380
60810
57710
57080
57360
58530
59380
57490
57700
56860
58510
58200
56930
58050
56810
57180
58640
58470
57840
55620
56840
58570
59620
57430
58130
55790
58870
57560
59280
58310
57130
59090
57160
57590
56190
55800
58780
57090
58910
57330
56740
58980
57170
59230
57270
56370
58050
57950
59580
56900
57800
59510
58410
59500
56950
56850
58780
59860
57810
59140
57020
56510
58060
57350
60430
57260
56260
56570
57200
60030
56730
56340
57480
57950
60870
57340
59250
57640
57680
57810
57880
57780
57480
59400
58980
57950
58820
56370
57320
57720
57550
57130
56570
56940
58420
58400
57470
57740
57610
59060
60210
56960
57660
56470
59410
57800
58200
60160
56610
58960
58300
58550
56840
59960
60900
57880
59260
56030
55640
56540
57180
59050
56230
56220
56580
56270
59340
58230
55480
57960
59550
57780
58100
56050
56770
58210
61960
59030
56460
55680
57040
57140
56400
55120
55710
57680
58050
58480
57530
55410
56520
57810
59280
56120
55700
55480
57440
55920
56390
56480
55290
65870
63090
58340
56160
54190
56690
55880
56370
56400
55190
56320
57240
58010
56700
56440
57620
57070
57950
55790
54680
56290
56530
56680
56970
54910
55530
56340
55670
58110
55280
55240
57410
55820
57650
54840
54770
55200
56880
57800
56180
56070
56660
57410
59370
55260
57160
55650
57440
56530
56820
55670
55220
56960
56360
56290
55770
54940
57030
56710
55870
57370
55620
55960
58110
59210
56260
55480
57630
57030
56910
57590
55290
54660
57280
55890
55970
54390
54530
58570
55750
57980
55170
54220
58120
56830
57310
55450
54210
56050
58630
60310
55820
55880
57480
58090
59770
56350
55330
55920
55810
56650
57060
55490
55640
57280
58680
56770
55250
56100
56560
57170
56530
54650
55900
55990
57520
57370
55880
56270
55420
58940
57810
56110
55970
55350
57190
57340
56150
57390
55460
57410
55850
55440
55170
54020
58130
56340
55900
55250
55030
56580
58200
56490
56920
54820
55110
57470
57300
57130
55720
55270
56700
56250
59140
55990
55380
56710
56170
57280
54190
55920
55970
56420
57840
54620
56190
55510
57130
58090
55440
54350
55720
55930
58980
55290
55560
56730
57510
57040
55420
54430
57070
56480
56420
56810
54540
56060
56510
56760
60340
55870
55490
57170
57860
57220
56060
57520
56080
57510
57250
55860
56240
55600
56800
57650
55920
55030
55290
57010
63670
60280
56810
55910
56990
56500
56560
55890
55520
58600
56120
57510
56810
55600
57160
57420
56750
56630
54990
55650
57040
56340
57620
55940
55820
56610
56790
57030
55790
55550
57070
57170
58280
55340
58220
57580
57210
59330
55630
57040
55680
56440
58180
55330
56610
54750
56510
58600
56970
55130
57760
59610
59080
58580
58860
56050
58780
59570
59060
59450
57730
58440
59080
60750
58640
57590
58000
59260
59540
58200
57360
56260
60250
58080
59980
55870
55060
57710
55760
57830
56280
55310
57770
58750
56210
57670
59550
58760
59580
58250
55060
54550
56660
56390
59020
54630
54990
56520
61880
62370
57040
55450
56680
56710
56700
55920
54400
55020
56110
55640
54690
55420
54710
56860
58120
56620
55030
55710
55500
56370
57230
54450
56350
55390
57390
55460
55000
56400
54500
57490
57930
56720
55780
55310
58990
57790
56160
58120
55810
56100
57210
57240
56410
54460
56650
56760
57290
55330
55090
54560
56840
56320
57940
55280
55760
56580
55590
57390
55630
55360
56640
55040
57950
55710
56460
56340
57120
58360
54950
55390
55500
55980
57690
54780
55920
54400
55590
57150
56680
56340
55180
58410
60070
57090
56470
56170
56590
57610
59580
57850
53380
55580
58320
58180
56600
55010
55610
57160
57900
57020
55790
55530
57440
56300
56720
54990
55400
58870
56940
57910
57790
55830
58000
55070
59390
54770
55600
55690
56690
58330
55280
55100
56150
57090
58560
56120
54050
55830
54940
56360
56110
55150
55180
58070
58440
57070
57390
56230
57690
57290
57000
54740
55170
55510
57710
57300
55530
56100
55190
55910
57690
55980
56110
54640
56400
57450
55660
55320
56950
57910
56880
56500
57390
55050
58700
58050
56120
55670
55400
56360
56830
57840
56520
54640
55680
57370
57140
55010
54910
54600
57480
57830
59120
55020
56740
58480
58020
58880
56130
55340
59860
56530
58830
55460
54080
56190
56430
58650
54600
54510
55720
56680
59150
55730
54660
55370
56990
57150
56140
55040
55610
57430
57210
56680
54440
56700
56700
56280
57750
54690
55900
55720
57720
56700
54920
55320
55510
57520
56190
55840
54670
54940
58040
58300
56830
55750
56240
58270
55940
57530
57070
55140
58340
56480
56420
55300
54890
56420
56140
57320
56000
54800
