51800
24630
22860
22860
21450
22220
22410
21540
21690
22710
22590
20840
22050
21230
21690
22030
59230
58980
58380
60630
58530
60680
58860
56390
57790
57500
57990
58100
57930
57730
57940
58330
58060
56620
57940
58050
56180
58650
57610
57050
60120
57500
58280
57120
56770
57280
60150
58170
56840
56140
56760
57420
58310
56630
56510
58430
55750
60730
57100
57590
57260
56040
59130
54970
56500
56700
58740
56990
57530
56570
58290
57280
56400
58140
57810
57080
57570
56880
56050
56820
57760
57830
56530
57760
56390
58390
57070
58420
56580
56980
56640
55460
60850
58240
57100
57280
55860
58980
57020
56700
57070
56070
58040
56330
57230
59350
55450
58640
57130
57850
57320
55900
57880
56810
57090
57440
56050
58430
58560
57760
56940
57040
54770
59840
56390
57910
56150
57320
63290
58890
57860
58090
58350
57440
57250
60240
56930
57270
56940
57710
58270
57420
57340
57210
58020
60000
57190
57600
55900
58320
57740
57160
57180
56970
57170
57710
59490
58060
56080
59580
58580
58840
57000
56250
57700
57640
56280
57920
59860
57990
59250
58310
58760
57610
57160
58580
57450
57900
56380
57090
58160
55930
58270
56830
56600
58650
56570
58100
57470
56790
57910
57270
59490
58320
58380
56580
58240
59670
58890
56940
58290
58390
57960
57770
56060
56940
58430
58110
57170
56110
57870
59230
58660
71450
60360
55950
57680
58260
58390
58410
58140
57880
58680
58700
56990
57560
57250
67700
58580
57360
57720
57810
59010
58900
57670
58950
58970
59550
61600
59770
58510
57440
58650
60080
58170
58200
56760
57310
59560
58350
56940
56550
57460
58800
56440
60260
57040
56930
59530
57190
58480
57560
57630
59680
57620
59750
56460
55490
58540
59280
61050
58320
55820
57640
59420
58830
58050
56320
58300
59110
58040
57790
57810
57270
58110
58060
59010
57160
56950
58360
58820
57270
59220
56770
59530
59320
59810
57560
59200
56770
58890
58300
57960
57490
55970
59890
56610
58410
59380
58090
60480
59510
58630
59030
58390
60000
58550
59190
59360
57630
60300
59750
58520
56330
58700
58720
58400
57740
58480
56570
57330
57840
56660
57130
56140
56750
57650
57050
57680
55350
56860
57910
57440
58030
57500
58990
57400
57830
57870
57510
58540
57240
58920
59080
56570
58210
56550
59440
57870
57790
57570
55310
59120
59570
57440
57630
56690
58430
56730
58750
59710
58050
58180
61390
60380
60150
57960
57400
60920
58210
58630
56470
57110
60280
57910
59310
58540
58190
60920
58150
59560
58270
60020
62340
57990
59530
58190
57200
59120
58930
59020
58500
58670
60250
60600
59770
58870
55250
57660
59000
57810
57910
58910
58700
58460
56880
57810
57180
58130
58340
58880
56950
57520
56480
58560
58240
57210
57090
57070
57920
59190
58410
58160
58040
56480
59410
58280
59130
58100
57210
59960
58050
57510
57070
56430
61170
58630
57980
56730
56800
58990
58110
58020
58260
57030
58590
57780
58740
58840
56830
57010
57730
58270
59140
58290
57600
58710
58280
58430
57520
58180
58740
57460
57320
57420
60200
56780
58110
59770
58160
58470
56010
58600
58730
56610
56690
55860
58900
57380
57710
57810
57260
60040
56890
57360
57750
58280
59470
58240
58030
59060
57080
56870
59270
56920
60660
56810
56590
59620
58330
57210
56970
57200
58240
57850
57340
58820
56540
57860
57420
59860
60630
56760
57820
57420
59540
60360
55620
59910
58410
58810
57660
56570
56780
58820
58210
57700
57220
57980
58960
55370
58330
56800
58010
58680
59420
59100
56240
57510
58710
57330
59060
57660
58110
58140
58240
60200
57760
57800
56900
57180
58800
55650
58500
57550
58370
57870
57720
58560
56500
57580
58900
58650
57890
56440
58260
58080
61700
58440
57040
57120
58460
57170
57610
56480
56430
58470
57350
57800
57940
56480
59790
59420
59550
55960
57510
59660
58330
58400
57510
56300
58380
57470
57910
56670
56900
58020
59930
58010
56440
57260
57380
59060
59390
57840
56100
57940
59840
58180
57760
57230
57570
58380
57660
58570
58750
59300
57740
58670
58840
57040
57340
56630
58310
57210
57250
58640
57200
58120
59610
56800
57720
56800
58450
56600
57140
57540
57860
61240
58750
57260
58560
58230
58660
57290
58480
57800
56500
57120
58430
57830
57980
56210
57030
59600
58370
57860
58500
57670
59550
56750
58240
57480
58210
59440
58650
61450
58460
57430
58160
58110
60080
57170
57100
57830
58270
58300
56590
57260
58100
58540
58270
59420
58520
56680
57560
58400
58860
58420
57940
58380
58080
59760
57800
57450
59460
58960
59450
58810
58410
58220
59070
58360
58360
56730
58890
60030
59050
57620
57320
56600
59000
57970
59300
57520
57160
58850
57600
59140
56860
57440
58940
58240
57770
57030
56540
58320
57560
58210
57350
58710
57510
59830
58860
57120
56880
58400
60950
57420
58560
57160
58710
59690
57920
57800
56790
57800
59100
58540
59630
57870
56980
58070
57620
57840
58470
57150
57170
58300
57610
56510
56900
57540
58390
56210
57940
57940
56920
58390
57510
58020
57920
56790
58720
56520
56140
56920
62720
60730
57280
59500
58350
58080
58060
58880
57900
57150
56350
57390
58850
56670
58690
57520
66990
59400
56700
60810
57330
57010
60730
56920
58250
57610
56220
59110
57960
59090
56530
56950
58380
58910
58610
57350
58260
57890
59400
59870
58530
59240
57630
59610
58350
56720
57260
56980
59300
59460
57580
57020
57340
57100
59210
57000
57890
57210
56170
58990
58500
58360
58820
56710
59770
57340
57580
57950
56910
58080
57810
57560
58090
56520
59950
57690
56670
57400
56960
58930
58390
57330
57250
56380
57130
57640
60610
59200
56980
57160
59170
64030
60360
56490
56990
58020
55670
57620
57490
57470
57100
57010
57410
56600
57020
57240
59060
58890
56400
57480
58990
57780
59090
57060
56420
56010
58780
57050
59030
58140
55700
57280
55910
56380
56060
54080
57600
57010
56630
57230
57000
57870
58420
57200
56790
56530
56260
58070
57630
58100
56160
58480
58510
56320
56380
56560
56040
58590
56580
58540
55630
55900
58270
55520
58560
56710
54920
57950
57470
58040
56840
56510
56840
57840
58380
55800
56630
57980
57530
58030
57430
56470
57250
58650
54980
56370
56450
56540
58160
56990
57260
57400
56520
57490
57300
56950
55490
55500
55820
57850
57380
55760
58150
56050
57460
56090
56950
56680
56120
58160
58550
56840
56870
56140
59100
58000
60090
57160
57100
57870
57890
58310
57170
56790
56580
56280
57330
59260
55780
57040
57730
55830
58150
56350
55120
58010
57040
58070
57100
56490
58700
56560
57450
56780
56440
56510
56520
56620
56620
57630
56330
58740
59500
57170
56020
57160
58480
57540
56380
56740
56670
57160
57050
57500
57190
58130
58140
57870
57560
57540
56510
58650
57820
56130
56870
56990
56770
58480
60190
56460
56780
56410
59250
56690
56840
58010
56230
59080
57150
57670
56680
55930
59150
55340
57310
55790
55670
58570
56730
57920
55600
54390
56950
56680
58220
57260
56010
57620
57480
56410
57400
56800
57680
57810
70710
58920
58300
57520
57680
57070
59350
57360
57390
57500
57320
58660
56160
56920
56790
58480
56820
56650
54830
57570
58700
58390
57510
59400
57200
59490
58680
59450
58730
56750
57840
56740
56260
59250
55800
57760
57310
56850
57400
56780
56420
57580
57060
58070
56270
56780
58200
55700
57420
56480
56800
57050
58310
59500
58130
56600
61220
58740
58630
58570
57610
57900
58510
57830
58060
57810
58350
58280
59270
57520
56730
57620
59470
57830
57370
57310
58850
59340
58420
57370
55730
55950
58620
57200
57020
57020
57520
57780
58510
60100
57840
58280
57510
58850
58110
57550
58830
56970
59440
57870
58270
60130
59960
60080
58430
57920
58560
56670
58420
58630
57220
59170
56880
59700
58410
59470
59070
57570
57640
59200
57170
58420
57070
58120
58480
57820
59260
57300
58550
58410
57040
59170
56610
57220
57720
58990
58210
58760
57920
56700
59630
60200
56270
57390
56210
58160
57260
57190
58190
56420
58590
56870
59380
57800
56360
58120
57320
57030
56620
56990
58730
57310
55390
56610
55780
56630
58590
57300
56150
55370
54860
58430
57780
57520
56920
56740
58920
56420
57690
56360
55970
57730
57340
57070
56060
56050
56120
57940
58710
57020
56980
57100
57040
58080
55990
55660
57470
57220
57920
56910
56290
57050
58650
58940
56860
54960
57770
57680
57630
57140
56670
57020
57510
57690
58470
58500
57720
57090
58770
56830
58090
57720
56750
58610
56980
56400
57640
56770
57990
56360
55830
56450
56150
57570
57300
58250
59500
58350
59510
58730
59620
59200
58010
57690
57860
57400
57530
56820
57030
57840
56560
56510
56530
56650
60100
56790
58670
56330
56480
57410
56680
57520
55900
54570
58750
57850
61450
58240
57550
57770
57680
60020
56550
57620
57420
58840
58140
57020
57170
56970
59160
57410
57080
56240
56020
57230
58530
56290
55490
59110
58360
58820
57990
57680
58370
58370
58030
58510
57930
61990
61400
58020
60190
56390
57700
56630
59870
56580
55820
66150
59670
58680
58760
56850
57730
55460
58110
56530
56710
57880
55740
57510
56230
57030
55920
55660
57310
56580
56340
57900
56700
57190
58460
55710
57700
55200
58160
61170
58390
60720
57780
58830
59890
58910
58740
58540
58680
57950
58130
59460
57860
57050
56450
59070
59510
55440
58120
58410
59060
58960
55790
58600
57350
58880
58960
57050
57390
56250
58700
58580
56550
56620
57000
55780
59060
57060
59480
56260
56100
58160
59190
57790
56300
56930
57690
56900
58280
56760
55450
58310
56820
57320
57570
56980
58300
56480
57040
57050
55940
57100
57170
57790
61380
57060
57680
57200
56360
55470
56960
57430
58080
57090
57670
56700
56540
58420
57480
57970
56250
56510
58320
57400
55660
55370
57570
57100
57610
56390
55910
56360
56600
57990
57100
57480
70700
59850
58630
57950
56690
57510
56240
57400
56250
57250
57340
55990
57880
55540
55990
56290
56440
58100
55860
58100
58150
57580
59940
58520
57920
60220
58060
57410
59010
58610
59480
58260
58580
60170
58810
60000
57930
58490
59610
57320
59230
57040
57250
57910
58430
58430
58750
57990
59170
59200
59810
58180
58210
56580
59920
58230
56690
56820
55400
57860
57090
56210
56850
54930
57960
57730
56170
57330
57070
56320
58310
57010
57870
56180
55350
58300
59640
57090
56280
57110
58610
57310
58120
56630
57670
58250
56410
57310
56790
56310
58060
56570
57380
56700
55950
58370
57750
58530
58940
56800
56630
58810
58930
63230
60200
58300
58650
58760
57130
57640
58230
57710
58890
56720
56100
56900
57850
57960
56180
55060
58040
69180
63990
58480
56870
58230
55760
57700
59540
57770
58290
56040
59680
58290
57510
57310
56120
57600
57070
56040
55340
56650
68650
57170
56880
57720
56030
58110
58670
59090
57730
55040
56390
58740
57980
58440
56810
55880
60350
58170
59770
57830
56320
60320
57800
57590
56710
56550
61750
57700
57020
56440
58120
57910
58420
58750
57740
57380
58680
60010
60420
55800
58780
59060
60170
60220
57330
57360
57780
57830
57100
57720
57650
58030
59110
57830
57510
57070
58480
57710
59640
58160
57350
58740
56940
60310
57700
56590
58370
56600
59360
57300
56580
57010
55730
58390
57820
57640
57250
56460
58940
57440
57270
58540
55800
57530
58090
57580
58000
56980
61020
58970
56370
58140
56810
58910
58190
57490
57760
56040
57520
57770
56560
58940
56640
57230
56850
55840
59230
57330
57420
57840
59110
59280
57460
57660
57550
58440
59070
56930
58620
56980
58240
56890
56970
57580
57790
58260
58060
57530
57870
57060
59000
58870
59060
58030
56530
57450
57670
58160
56860
58790
59130
59830
57280
59230
57230
56810
60040
56380
58570
57980
56950
59020
57760
58620
56580
56930
59400
56170
58950
57300
55820
58890
57970
59110
57820
56840
56770
58950
58820
56860
56310
58030
59210
57850
57280
57380
57990
58310
57790
57500
55620
57420
58270
57950
57540
57930
58090
56670
60910
58490
57400
57390
57070
59020
59060
56550
57170
56280
59040
56990
57630
57650
56190
58450
58190
57640
58060
57270
57990
57930
57090
58220
56430
58310
57910
56690
56660
57380
57840
57730
57570
57020
56290
57160
58210
57200
59200
58850
57230
59780
56290
57900
57100
57100
58340
56590
58840
57020
58080
58360
58940
57370
58150
56780
57580
58410
60770
56740
56630
57480
58120
58070
56170
58040
56370
58140
58630
59820
58210
56400
56990
57970
55310
57940
57560
59380
58480
57090
57810
58310
56380
58510
59660
59480
55150
58070
59720
58480
59250
58580
58980
59990
59730
59910
58230
57810
64060
61260
68570
58360
56580
58900
57770
58890
57750
56870
57820
59090
57830
55710
57240
58540
60670
58290
61000
57660
58960
59770
61290
59270
58660
59050
59340
57530
57990
56990
57400
57200
58720
59240
57980
58300
56320
58260
59320
56600
57860
58670
59230
58370
57170
57780
56370
